%% This BibTeX bibliography file was created using BibDesk.
%% http://bibdesk.sourceforge.net/


%% Created for Jonah Gabry at 2015-04-30 17:43:54 -0400


%% Saved with string encoding Unicode (UTF-8)



@misc{shinystan,
	Author = {Gabry, Jonah and {Stan Development Team}},
	Title = {{shinyStan}: {R} Package for Interactive Exploration of {MCMC} Samples, {Version} 1.1.0},
	Url = {http://mc-stan.org},
	Year = {2015},
	Bdsk-Url-1 = {http://mc-stan.org}}

@book{fahrmeir_regression_2013,
	Address = {Berlin},
	Author = {Fahrmeir, Ludwig and Kneib, Thomas and Lang, Stefan and Marx, Brian},
	Isbn = {1584884320},
	Publisher = {Springer},
	Title = {Regression: Models, Methods and Applications},
	Year = {2013}}

@article{papaspiliopoulos_general_2007,
	Author = {Papaspiliopoulos, Omiros and Roberts, Gareth O. and {Sk\"{o}ld}, Martin},
	Journal = {Statistical Science},
	Number = {1},
	Pages = {59--73},
	Title = {A General Framework for the Parametrization of Hierarchical Models},
	Volume = {22},
	Year = {2007}}

@article{mccullagh_what_2002,
	Author = {McCullagh, Peter},
	Journal = {Annals of Statistics},
	Number = {5},
	Pages = {1225--1310},
	Title = {What is a statistical model?},
	Volume = {30},
	Year = {2002}}

@misc{bayesx_software,
	Author = {Belitz, C. and Brezger, A. and Klein, N. and Kneib, T. and Lang, S. and Umlauf, N.},
	Title = {{BayesX}: Software for {Bayesian} inference in structured additive regression models. {Version} 3.0.1.},
	Url = {http://www.bayesx.org},
	Year = {2015},
	Bdsk-Url-1 = {http://www.bayesx.org}}

@misc{goodrich_designing_2012,
	Author = {Goodrich, Ben and Katznelson, Ira and Wawro, Gregory J.},
	Date-Modified = {2015-04-30 21:43:52 +0000},
	Howpublished = {Unpublished manuscript},
	Address = {New York, NY: Columbia University, Department of Political Science},
	Title = {Designing Quantitative Historical Social Inquiry: An Introduction to {Stan}},
	Year = {2012}}

@misc{paciorek_2009,
	Address = {Berkeley, CA: University of California, Berkeley, Department of Statistics},
	Author = {Paciorek, Christopher},
	Howpublished = {Technical vignette},
	Title = {Understanding intrinsic {Gaussian} {Markov} random field spatial models, including intrinsic conditional autoregressive models},
	Url = {stat.berkeley.edu/paciorek/research/},
	Year = {2009},
	Bdsk-Url-1 = {stat.berkeley.edu/paciorek/research/}}

@article{wawro_designing_2014,
	Author = {Wawro, Gregory J. and Katznelson, Ira},
	Journal = {American Journal of Political Science},
	Number = {2},
	Pages = {526--546},
	Title = {Designing Historical Social Scientific Inquiry: How Parameter Heterogeneity Can Bridge the Methodological Divide between Quantitative and Qualitative Approaches},
	Volume = {58},
	Year = {2014}}

@article{brezger_star_2005,
	Author = {Brezger, Andreas and Kneib, Thomas and Lang, Stefan},
	Journal = {Journal of Statistical Software},
	Number = {11},
	Pages = {1--22},
	Title = {{BayesX}: Analyzing {Bayesian} structured additive regression models},
	Volume = {14},
	Year = {2005}}

@article{brezger_generalized_2006,
	Author = {Brezger, Andreas and Lang, Stefan},
	Journal = {Computational Statistics \& Data Analysis},
	Number = {4},
	Pages = {967--991},
	Title = {Generalized structured additive regression based on {Bayesian} {P}-splines},
	Volume = {50},
	Year = {2006}}

@article{fahrmeir_bayesian_2001,
	Author = {Fahrmeir, Ludwig and Lang, Stefan},
	Journal = {Journal of the Royal Statistical Society: Series C (Applied Statistics)},
	Number = {2},
	Pages = {201--220},
	Title = {Bayesian inference for generalized additive mixed models based on {Markov} random field priors},
	Volume = {50},
	Year = {2001}}

@book{rue_gaussian_2005,
	Address = {Boca Raton},
	Author = {Rue, H{\aa}vard and Held, Leonhard},
	Isbn = {1584884320},
	Publisher = {CRC Press},
	Title = {Gaussian {Markov} random fields: theory and applications},
	Year = {2005}}

@book{jackman_bayesian_2009,
	Address = {Chichester, UK},
	Author = {Jackman, Simon},
	Isbn = {9780470011546},
	Publisher = {Wiley},
	Title = {Bayesian Analysis for the Social Sciences},
	Year = {2009}}

@article{lipsky_shrinkage_2010,
	Author = {Lipsky, A. M. and Gausche-Hill, M. and Vienna, M. and Lewis, R. J.},
	Journal = {Annals of Emergency Medicine},
	Number = {6},
	Pages = {544--552},
	Title = {The Importance of ``Shrinkage" in Subgroup Analyses},
	Volume = {55},
	Year = {2010}}

@article{gelman_prior_2006,
	Author = {Gelman, Andrew},
	Journal = {Bayesian Analysis},
	Number = {3},
	Pages = {515--534},
	Title = {Prior distributions for variance parameters in hierarchical models},
	Volume = {1},
	Year = {2006}}

@book{gelman_arm_2007,
	Address = {Cambridge, UK},
	Author = {Gelman, Andrew and Hill, Jennifer},
	Isbn = {9780521686891},
	Publisher = {Cambridge University Press},
	Title = {Data Analysis Using Regression and Multilevel/Hierarchical Models},
	Year = {2007}}

@book{gelman_bayesian_2013,
	Address = {Boca Raton},
	Author = {Gelman, Andrew and Carlin, John B. and Stern, Hal S. and Dunson, D., David and Vehtari, Aki and Rubin, Donald B.},
	Edition = {Third},
	Isbn = {9781439840955},
	Publisher = {Chapman \& Hall/CRC},
	Series = {Chapman \& {Hall}/{CRC} {Texts} in {Statistical} {Science}},
	Title = {Bayesian Data Analysis},
	Year = {2013}}

@article{betancourt_hamiltonian_2013,
	Author = {Betancourt, M. J. and Girolami, Mark},
	Journal = {arXiv preprint 1312.0906},
	Title = {Hamiltonian {Monte} {Carlo} for Hierarchical Models},
	Year = {2013}}

@article{breslow_approximate_1993,
	Author = {Breslow, N. E. and Clayton, D. G.},
	Journal = {Journal of the American Statistical Association},
	Number = {421},
	Pages = {9--25},
	Title = {Approximate Inference in Generalized Linear Mixed Models},
	Volume = {88},
	Year = {1993}}

@article{cox_gerrymandering_2007,
	Author = {Cox, Gary W. and Katz, Jonathan N.},
	Journal = {American Journal of Political Science},
	Number = {1},
	Pages = {108--119},
	Title = {Gerrymandering {Roll} {Calls} in {Congress}, 1879--2000},
	Volume = {51},
	Year = {2007}}

@misc{stan_development_team_stan_2015,
	Author = {{Stan Development Team}},
	Title = {Stan Modeling Language Users Guide and Reference Manual, {Version} 2.6.0},
	Url = {http://mc-stan.org},
	Year = {2015},
	Bdsk-Url-1 = {http://mc-stan.org}}

@misc{stan_software:2015,
	Author = {{Stan Development Team}},
	Title = {Stan: A {C++} Library for Probability and Sampling, {Version} 2.6.0},
	Url = {http://mc-stan.org},
	Year = {2015},
	Bdsk-Url-1 = {http://mc-stan.org}}

@misc{rstan_software:2015,
	Author = {{Stan Development Team}},
	Title = {{RStan}: the {R} interface to {Stan}, {Version} 2.6.0},
	Url = {http://mc-stan.org},
	Year = {2015},
	Bdsk-Url-1 = {http://mc-stan.org}}

@misc{r_software,
	Address = {Vienna, Austria},
	Author = {{R Core Team}},
	Organization = {R Foundation for Statistical Computing},
	Title = {R: A Language and Environment for Statistical Computing},
	Url = {http://www.R-project.org},
	Year = {2014},
	Bdsk-Url-1 = {http://www.R-project.org}}

@book{banerjee_hierarchical_2004,
	Address = {Boca Raton},
	Author = {Banerjee, Sudipto and Carlin, Bradley P. and Gelfand, Alan E.},
	Isbn = {9781439819173},
	Publisher = {Chapman \& Hall/CRC},
	Title = {Hierarchical Modeling and Analysis for Spatial Data},
	Year = {2004}}

@article{hoffman_2012,
	Author = {Hoffman, Matthew D. and Gelman, Andrew},
	Journal = {Journal of Machine Learning Research},
	Pages = {1351--1381},
	Title = {The {No-U-Turn Sampler}: Adaptively Setting Path Lengths in {Hamiltonian} {Monte} {Carlo}},
	Year = {2012}}

@incollection{gelman_handbook_2011,
	Address = {Boca Raton},
	Author = {Gelman, Andrew and Shirley, Kenneth},
	Booktitle = {Handbook of {Markov} Chain {Monte} {Carlo}},
	Editor = {Brooks, Steve and Gelman, Andrew and Jones, Galin and Meng, XiaoLi},
	Publisher = {Chapman \& {Hall}/{CRC}},
	Title = {Inference from Simulations and Monitoring Convergence},
	Year = {2011}}

@article{gelman_rhat_1992,
	Author = {Gelman, Andrew and Rubin, Donald B.},
	Journal = {Statistical Science},
	Number = {4},
	Pages = {457--472},
	Title = {Inference from iterative simulation using multiple sequences},
	Volume = {7},
	Year = {1992}}
